@misc{tm,
	title="European leagues \& cups [Электронный ресурс]",
	howpublished="Режим доступа: \newline\url{https://www.transfermarkt.com/wettbewerbe/europa} (дата обращения: 23.04.2023)"
}

@misc{oball,
	title="Создание таблиц для спортивных игр [Электронный ресурс]",
	howpublished="Режим доступа: \url{https://oball.ru/ru/} (дата обращения: 23.04.2023)"
}

@misc{tlab,
	title="Генератор турнирных сеток и таблиц [Электронный ресурс]",
	howpublished="Режим доступа: \url{https://tlab.pro/} (дата обращения: 23.04.2023)"
}

@misc{sportcup,
	title="Турниры онлайн [Электронный ресурс]",
	howpublished="Режим доступа: \newline\url{https://sportcup.org/ru/} (дата обращения: 23.04.2023)"
}

@misc{ierar,
        title="Иерархическая модель данных [Электронный ресурс]",
	howpublished="Режим доступа: \newline\url{https://xstud.org/250378/informatika/ierarhicheskaya_model_dannyh} (дата обращения: 23.04.2023)"

}

@misc{relat,
        title="Что такое реляционная база данных [Электронный ресурс]",
	howpublished="Режим доступа: \url{https://www.oracle.com/cis/database/what-is-a-relational-database/} (дата обращения: 23.04.2023)"

}

@misc{proc,
        title="Intel® Core™ i5-1135G7 Processor [Электронный ресурс]",
	howpublished="Режим доступа: \url{https://ark.intel.com/content/www/ru/ru/ark/products/208658/intel-core-i51135g7-processor-8m-cache-up-to-4-20-ghz.html} (дата обращения: 20.05.2023)"

}

@misc{linq,
        title="Общие сведения о LINQ [Электронный ресурс]",
	howpublished="Режим доступа: \url{https://learn.microsoft.com/ru-ru/dotnet/standard/linq/} (дата обращения: 20.05.2023)"

}

@misc{net,
        title="Общие сведения о платформе .NET - .NET Framework [Электронный ресурс]",
	howpublished="Режим доступа: \url{https://learn.microsoft.com/ru-ru/dotnet/framework/get-started/overview} (дата обращения: 20.05.2023)"

}

@misc{forms,
        title="Что такое Windows Forms - Windows Forms .NET [Электронный ресурс]",
	howpublished="Режим доступа: \url{https://learn.microsoft.com/ru-ru/dotnet/desktop/winforms/overview/?view=netdesktop-6.0} (дата обращения: 20.05.2023)"

}




